<?xml version="1.0" encoding="utf-8"?>
<record xmlns="http://www.loc.gov/MARC21/slim" xmlns:xsi="http://www.w3.org/2001/XMLSchema-instance" xsi:schemaLocation="http://www.loc.gov/MARC21/slim http://www.loc.gov/standards/marcxml/schema/MARC21slim.xsd">
	<leader>     nam a22        4500</leader>
	<controlfield tag="001">2534450</controlfield>
	<controlfield tag="003">NNC</controlfield>
	<controlfield tag="006">m        d        </controlfield>
	<controlfield tag="007">cr cn |||m|||a</controlfield>
	<controlfield tag="008">160426s1906    ua      o     000 0 ara d</controlfield>
	<datafield ind1=" " ind2=" " tag="040">
		<subfield code="a">NNU</subfield>
		<subfield code="b">eng</subfield>
		<subfield code="e">rda</subfield>
		<subfield code="c">NNU</subfield>
	</datafield>
	<datafield ind1="1" ind2="4" tag="050">
		<subfield code="a">DT76</subfield>
		<subfield code="b">.R33</subfield>
	</datafield>
	<datafield ind1="1" ind2=" " tag="100">
		<subfield code="6">880-01</subfield>
		<subfield code="a">Rāfiʻī, Muḥammad Rashīd.</subfield>
	</datafield>
	<datafield ind1="1" ind2="0" tag="245">
		<subfield code="6">880-02</subfield>
		<subfield code="a">Tarjamat ḥayāt al-maghfūr la-hu al-imām al-kabīr wa-al-ʻalam al-shahīr al-faqīh al-akbar fī ʻaṣrih wa-al-imām al-awḥad fī miṣrih al-Shaykh ʻAbd al-Qādir al-Rāfiʻī al-Fārūqī al-Ḥanafī Shaykh al-Sādah al-Ḥanafīyah wa-muftī al-diyār al-Miṣrīyah :</subfield>
		<subfield code="b">mudhayyalah bi-aqwāl al-jarāʼid wa-marāthī al-ʻulamāʼ wa-al-udabāʼ fī al-aqṭār al-ʻArabīyah /</subfield>
		<subfield code="c">bi-qalam Muḥammad Rashīd al-Rāfiʻī</subfield>
	</datafield>
	<datafield ind1=" " ind2=" " tag="260">
		<subfield code="6">880-03</subfield>
		<subfield code="a">Miṣr :</subfield>
		<subfield code="b">Dār al-Taqaddum,</subfield>
		<subfield code="c">1906.</subfield>
	</datafield>
	<datafield ind1=" " ind2=" " tag="300">
		<subfield code="a">online resource (192 pages)</subfield>
	</datafield>
	<datafield ind1=" " ind2=" " tag="336">
		<subfield code="a">text</subfield>
		<subfield code="2">rdacontent</subfield>
	</datafield>
	<datafield ind1=" " ind2=" " tag="337">
		<subfield code="a">computer</subfield>
		<subfield code="2">rdamedia</subfield>
	</datafield>
	<datafield ind1=" " ind2=" " tag="338">
		<subfield code="a">online resource</subfield>
		<subfield code="2">rdacarrier</subfield>
	</datafield>
	<datafield ind1=" " ind2=" " tag="500">
		<subfield code="a">Part of the Arabic Collections Online (ACO) project, contributed by Columbia University Libraries.</subfield>
	</datafield>
	<datafield ind1=" " ind2=" " tag="533">
		<subfield code="a">Electronic reproduction.</subfield>
		<subfield code="b">New York, N.Y. :</subfield>
		<subfield code="c">New York University,</subfield>
		<subfield code="d">2016.</subfield>
		<subfield code="5">NNU</subfield>
	</datafield>
	<datafield ind1="1" ind2="0" tag="600">
		<subfield code="6">880-04</subfield>
		<subfield code="a">Rāfiʻī, ʻAbd al-Qādir al-Fārūqī al-Ḥanafī.</subfield>
	</datafield>
	<datafield ind1="2" ind2=" " tag="710">
		<subfield code="a">Columbia University.</subfield>
		<subfield code="b">Libraries.</subfield>
	</datafield>
	<datafield ind1="0" ind2=" " tag="730">
		<subfield code="a">Arabic Collections Online.</subfield>
	</datafield>
	<datafield ind1="0" ind2="8" tag="776">
		<subfield code="i">Print version:</subfield>
		<subfield code="a">Rāfiʻī, Muḥammad Rashīd.</subfield>
		<subfield code="t">Tarjamat ḥayāt al-maghfūr la-hu al-imām al-kabīr wa-al-ʻalam al-shahīr al-faqīh al-akbar fī ʻaṣrih wa-al-imām al-awḥad fī miṣrih al-Shaykh ʻAbd al-Qādir al-Rāfiʻī al-Fārūqī al-Ḥanafī Shaykh al-Sādah al-Ḥanafīyah wa-muftī al-diyār al-Miṣrīyah</subfield>
		<subfield code="w">(NNC)2534450</subfield>
		<subfield code="w">(OCoLC)43814540</subfield>
	</datafield>
	<datafield ind1="4" ind2="0" tag="856">
		<subfield code="u">http://hdl.handle.net/2333.1/k0p2nm15</subfield>
	</datafield>
	<datafield ind1="1" ind2=" " tag="880">
		<subfield code="6">100-01/r</subfield>
		<subfield code="a">رافعي، محمد رشيد.</subfield>
	</datafield>
	<datafield ind1="1" ind2="0" tag="880">
		<subfield code="6">245-02/r</subfield>
		<subfield code="a">ترجمة حياة المغفور له الامام الكبير والعلم الشهير الفقيه الاكبر في عصره والامام الاوحد في عصره الشيخ عبد القادر الرافعي الفاروقي الحنفي شيخ السادة الحنفية ومفتي الديار المصرية :</subfield>
		<subfield code="b">مذيلة باقوال الجرائد ومراثي العلماء والادباء في الاقطار العربية /</subfield>
		<subfield code="c">بقلم محمد رشيد الرافعي</subfield>
	</datafield>
	<datafield ind1=" " ind2=" " tag="880">
		<subfield code="6">260-03/r</subfield>
		<subfield code="a">مصر :</subfield>
		<subfield code="b">دار التقدم،</subfield>
		<subfield code="c">1906.</subfield>
	</datafield>
	<datafield ind1="1" ind2="4" tag="880">
		<subfield code="6">600-04/r</subfield>
		<subfield code="a">رافعي، عبد القادر الفاروقي الحنفي.</subfield>
	</datafield>
	<datafield ind1=" " ind2=" " tag="959">
		<subfield code="a">NNU</subfield>
		<subfield code="b">WEB</subfield>
		<subfield code="c">GENI</subfield>
		<subfield code="t">0</subfield>
		<subfield code="m">Electronic access</subfield>
		<subfield code="s">01</subfield>
	</datafield>
	<datafield ind1=" " ind2=" " tag="999">
		<subfield code="i">NNC_2534450</subfield>
		<subfield code="o">(OCoLC)ocm43814540</subfield>
		<subfield code="s">columbia_aco001851</subfield>
		<subfield code="e">(ERROR-880)</subfield>
		<subfield code="s">columbia_aco001851</subfield>
	</datafield>
</record>
